<record><leader>00000cas a22000007a 4500</leader><controlfield tag="001">42769429</controlfield><controlfield tag="008">991104c199u9999ohubr ne      0   c0rus c</controlfield><datafield ind1=" " ind2=" " tag="010"><subfield code="a">  2005215476</subfield></datafield><datafield ind1=" " ind2=" " tag="040"><subfield code="a">CLE</subfield><subfield code="b">eng</subfield><subfield code="c">CLE</subfield><subfield code="d">OCLCQ</subfield><subfield code="d">NSD</subfield><subfield code="d">OCLCQ</subfield><subfield code="d">OCLCF</subfield><subfield code="d">OCLCO</subfield></datafield><datafield ind1=" " ind2=" " tag="012"><subfield code="m">0</subfield></datafield><datafield ind1="0" ind2=" " tag="022"><subfield code="a">1556-0171</subfield><subfield code="l">1556-0171</subfield><subfield code="2">1</subfield></datafield><datafield ind1="1" ind2=" " tag="029"><subfield code="a">AU@</subfield><subfield code="b">000027183596</subfield></datafield><datafield ind1=" " ind2=" " tag="037"><subfield code="b">Russkiy Magazin, P.O. Box 39081, Solon, OH 44139</subfield><subfield code="c">free</subfield></datafield><datafield ind1="0" ind2=" " tag="041"><subfield code="a">rus</subfield><subfield code="a">eng</subfield></datafield><datafield ind1=" " ind2=" " tag="042"><subfield code="a">nsdp</subfield><subfield code="a">pcc</subfield></datafield><datafield ind1=" " ind2=" " tag="043"><subfield code="a">n-us-oh</subfield></datafield><datafield ind1="1" ind2="0" tag="050"><subfield code="a">ISSN RECORD</subfield></datafield><datafield ind1="0" ind2=" " tag="130"><subfield code="a">Russkii&#774; magazin (Solon, Ohio)</subfield></datafield><datafield ind1=" " ind2="0" tag="222"><subfield code="a">Russkii&#774; magazin</subfield><subfield code="b">(Solon, Ohio)</subfield></datafield><datafield ind1="1" ind2="0" tag="245"><subfield code="a">Russkii&#774; magazin =</subfield><subfield code="b">Russkiy magazin.</subfield></datafield><datafield ind1="1" ind2="3" tag="246"><subfield code="a">RM</subfield></datafield><datafield ind1="3" ind2="1" tag="246"><subfield code="a">Russkiy magazin</subfield></datafield><datafield ind1="1" ind2=" " tag="246"><subfield code="i">Issues for &lt;June 2004-&gt; also have English title:</subfield><subfield code="a">Russian magazine</subfield></datafield><datafield ind1=" " ind2=" " tag="260"><subfield code="a">Solon, Ohio :</subfield><subfield code="b">Wes Mir, Inc.</subfield></datafield><datafield ind1=" " ind2=" " tag="300"><subfield code="a">v. :</subfield><subfield code="b">ill. ;</subfield><subfield code="c">35 cm.</subfield></datafield><datafield ind1=" " ind2=" " tag="310"><subfield code="a">Bimonthly</subfield></datafield><datafield ind1=" " ind2=" " tag="546"><subfield code="a">In Russian and English.</subfield></datafield><datafield ind1=" " ind2=" " tag="588"><subfield code="a">Description based on: 1999, n. 8 (Aug. 1999) = 67.</subfield></datafield><datafield ind1=" " ind2=" " tag="588"><subfield code="a">Latest issue consulted: #12 (233) June 2004 (surrogate).</subfield></datafield><datafield ind1=" " ind2="0" tag="650"><subfield code="a">Russian Americans</subfield><subfield code="z">Ohio</subfield><subfield code="z">Cleveland Metropolitan Area</subfield><subfield code="v">Newspapers.</subfield></datafield><datafield ind1=" " ind2="7" tag="655"><subfield code="a">Newspapers.</subfield><subfield code="2">fast</subfield><subfield code="0">(OCoLC)fst01423814</subfield></datafield><datafield ind1=" " ind2="7" tag="650"><subfield code="a">Russian Americans.</subfield><subfield code="2">fast</subfield><subfield code="0">(OCoLC)fst01101969</subfield></datafield><datafield ind1=" " ind2="7" tag="651"><subfield code="a">Ohio</subfield><subfield code="z">Cleveland Metropolitan Area.</subfield><subfield code="2">fast</subfield><subfield code="0">(OCoLC)fst01348423</subfield></datafield></record>